@misc{p2pfoundation:definition,
author={Bauwens, Michel},
howpublished={\url{http://p2pfoundation.net/Defining_P2P_as_the_relational_dynamic_of_distributed_networks}},
title={Defining P2P as the relational dynamic of distributed networks},
year = {2005},
note = {[Online; accessed 19-Sept.-2013]},
}

@misc{HorizonIoTChallenges:2013,
author={Internet of Things Special Interest Group},
howpublished={\url{https://connect.innovateuk.org/documents/3077922/3726367/IoT+Challenges%2C%20final+paper%2C%20April+2013.pdf/38cc8448-6f8f-4f54-b8fd-3babed877d1a}},
title={Internet of Things (IoT) and Machine to Machine Communications (M2M) Challenges and opportunities},
month = {May},
year = {2013},
note = {[Online; accessed 19-Sept.-2013]},
pages = {24}
}